@misc{solid,
 	author = {Dhurim Kelmendi},
	title = {SOLID Principles made easy},
	howpublished = {\url{https://hackernoon.com/solid-principles-made-easy-67b1246bcd}},
	year = {2017},
	note = {Acessado em: 11/09/2018}
}

@misc{saas,
	author = {Margaret Rouse},
	title = {Software as a Service (SaaS)},
	howpublished = {\url{https://searchcloudcomputing.techtarget.com/definition/Software-as-a-Service}},
	year = {2016},
	note = {Acessado em: 05/09/2018}
}

@misc{spotify,
	author = {Francisco S. Homem de Mello},
	title = {Como a Spotify organiza seus times de produto},
	howpublished = {\url{http://qulture.rocks/blog/como-a-spotify-organiza-seus-times-de-produto}},
	year = {2018},
	note = {Acessado em: 01/09/2018}
}


@misc{scrumguide,
	author = {Ken Schwaber and Jeff Sutherland},
	title = {The Scrum Guide™},
	howpublished = {\url{https://www.scrumguides.org/scrum-guide.html}},
	year = {2018},
	note = {Acessado em: 29/08/2018}
}


@misc{git,
	title = {GIT},
	howpublished = {\url{https://git-scm.com/}},
	year = {2018}
}

@misc{svn,
	title = {Apache™ Subversion®},
	howpublished = {\url{https://subversion.apache.org/}},
	year = {2018}
}

@misc{materiald,
	title = {Material Design},
	howpublished = {\url{https://material.io/}},
	year = {2018}
}

